[gd_scene load_steps=5 format=2]

[ext_resource path="res://scenes/universe/Universe.gd" type="Script" id=1]
[ext_resource path="res://scenes/simulation/Simulation.tscn" type="PackedScene" id=2]
[ext_resource path="res://scenes/celestial_body/CelestialBody.tscn" type="PackedScene" id=3]

[sub_resource type="Environment" id=1]
tonemap_mode = 2
glow_enabled = true
glow_intensity = 0.27
glow_strength = 0.72
glow_blend_mode = 0
glow_hdr_threshold = 1.11
glow_bicubic_upscale = true

[node name="Universe" type="Spatial"]
script = ExtResource( 1 )

[node name="CelestialBodies" type="Spatial" parent="."]

[node name="CelestialBody" parent="CelestialBodies" instance=ExtResource( 3 )]
radius = 10.0
surface_gravity = 10.0
surface_color = Color( 10, 10, 0, 1 )
emissive = true

[node name="OmniLight" type="OmniLight" parent="CelestialBodies/CelestialBody"]
omni_range = 212.344

[node name="CelestialBody2" parent="CelestialBodies" instance=ExtResource( 3 )]
transform = Transform( 1, 0, 0, 0, 1, 0, 0, 0, 1, 40.2894, 0, 0 )
radius = 2.0
surface_gravity = 0.1
initial_velocity = Vector3( 0, 0, 4 )

[node name="CelestialBody3" parent="CelestialBodies" instance=ExtResource( 3 )]
transform = Transform( 1, 0, 0, 0, 1, 0, 0, 0, 1, -33.4543, -3.8147e-06, 36.3431 )
radius = 2.0
surface_gravity = 0.1
initial_velocity = Vector3( 0, 5, 0 )
surface_color = Color( 0.886275, 0.101961, 0.101961, 1 )

[node name="CelestialBody4" parent="CelestialBodies" instance=ExtResource( 3 )]
transform = Transform( 1, 0, 0, 0, 1, 0, 0, 0, 1, -52.2707, -3.8147e-06, 6.68034 )
radius = 2.0
surface_gravity = 0.1
initial_velocity = Vector3( 0, 3, 0 )
surface_color = Color( 0.101961, 0.188235, 0.886275, 1 )

[node name="Camera" type="Camera" parent="."]
transform = Transform( 1, 0, 0, 0, 0.818029, 0.575177, 0, -0.575177, 0.818029, 0, 54.738, 67.7661 )
far = 8192.0

[node name="Simulation" parent="." instance=ExtResource( 2 )]

[node name="WorldEnvironment" type="WorldEnvironment" parent="."]
environment = SubResource( 1 )
